@book{Bear,
  author         = {Big Bear},
  editor         = {},
  title          = {{Bears in the World}},
  publisher      = {O-Kuma Publishing, Saga},
  year           = {1889}
}
@article{Kumasan,
  author          = {Big Kumasan},
  title           = {{Hilbert space in Nagoya for bears}},
  journal         = {Mathematical Bear Journal},
  volume          = {123},
  number          = {2},
  year            = {1901},
  pages           = {12--16},
  doi             = {},
  memo            = {}
}